<record><leader>00000cas a22000007a 4500</leader><controlfield tag="001">26429913</controlfield><controlfield tag="008">920818c19919999vausr ne      0   c0eng c</controlfield><datafield ind1=" " ind2=" " tag="010"><subfield code="a">sn 92000302 </subfield></datafield><datafield ind1=" " ind2=" " tag="040"><subfield code="a">NSD</subfield><subfield code="b">eng</subfield><subfield code="c">NSD</subfield><subfield code="d">OCLCQ</subfield></datafield><datafield ind1=" " ind2=" " tag="012"><subfield code="l">1</subfield></datafield><datafield ind1=" " ind2=" " tag="019"><subfield code="a">990399233</subfield></datafield><datafield ind1="0" ind2=" " tag="022"><subfield code="a">1064-444X</subfield><subfield code="2">1</subfield></datafield><datafield ind1="1" ind2=" " tag="029"><subfield code="a">AU@</subfield><subfield code="b">000040269765</subfield></datafield><datafield ind1=" " ind2=" " tag="037"><subfield code="b">Independent Newspaper From Russia, 1561 Bruton Ct., McLean, VA 22101</subfield></datafield><datafield ind1=" " ind2=" " tag="042"><subfield code="a">nsdp</subfield><subfield code="a">pcc</subfield></datafield><datafield ind1="1" ind2="0" tag="082"><subfield code="a">077</subfield><subfield code="2">12</subfield></datafield><datafield ind1="0" ind2=" " tag="130"><subfield code="a">Nezavisimai&#65056;a&#65057; gazeta (McLean, Va.)</subfield></datafield><datafield ind1="0" ind2=" " tag="210"><subfield code="a">Nezavis. gaz.</subfield></datafield><datafield ind1=" " ind2="0" tag="222"><subfield code="a">Nezavisimaa&#770; gazeta</subfield></datafield><datafield ind1="1" ind2="0" tag="245"><subfield code="a">Nezavisimai&#65056;a&#65057; gazeta.</subfield></datafield><datafield ind1="3" ind2="0" tag="246"><subfield code="a">Nezavisimai&#65056;a&#65057;</subfield></datafield><datafield ind1="1" ind2="3" tag="246"><subfield code="a">Russian indep</subfield></datafield><datafield ind1=" " ind2=" " tag="260"><subfield code="a">McLean, VA :</subfield><subfield code="b">Independent From Russia</subfield></datafield><datafield ind1=" " ind2=" " tag="300"><subfield code="a">v.</subfield></datafield><datafield ind1=" " ind2=" " tag="310"><subfield code="a">Semimonthly</subfield></datafield><datafield ind1="1" ind2=" " tag="362"><subfield code="a">Began with v. 1, issue 1, July 1991.</subfield></datafield><datafield ind1=" " ind2=" " tag="580"><subfield code="a">Russian language digest of selected articles from: Nezavisimai&#65056;a&#65057; gazeta (Moscow, R.S.F.S.R.).</subfield></datafield><datafield ind1=" " ind2=" " tag="580"><subfield code="a">Issued also as a supplemental insert to another Russian language digest of Nezavisimai&#65056;a&#65057; gazeta published in Israel under title: Nasha strana (Tel Aviv, Israel).</subfield></datafield><datafield ind1=" " ind2=" " tag="588"><subfield code="a">Description based on: Vol. 1, issue 20-21 (July 1992).</subfield></datafield><datafield ind1=" " ind2=" " tag="752"><subfield code="a">Soviet Union</subfield><subfield code="b">Russian S.F.S.R.</subfield><subfield code="c">Moscow.</subfield></datafield><datafield ind1="1" ind2=" " tag="772"><subfield code="t">Nasha strana (Tel Aviv, Israel)</subfield></datafield><datafield ind1="1" ind2=" " tag="775"><subfield code="t">Nezavisimai&#65056;a&#65057; gazeta (Moscow, R.S.F.S.R.)</subfield><subfield code="w">(DLC)sn 91019468</subfield><subfield code="w">(OCoLC)24498172</subfield></datafield></record>